@PhdThesis{huiqingThesis,
	title = {Refactoring Haskell Programs},
	author = {Huiqing Li},
	school = {University of Kent},
	month = {September},
	year= {2006}},
@incollection{strafunski,
  title={A Strafunski application letter},
  author={L{\"a}mmel, Ralf and Visser, Joost},
  booktitle={Practical Aspects of Declarative Languages},
  pages={357--375},
  year={2003},
  publisher={Springer}
},
@book{fowler,
  added-at = {2007-09-26T23:42:13.000+0200},
  address = {Boston, MA, USA},
  author = {Fowler, Martin},
  biburl = {http://www.bibsonomy.org/bibtex/27151885e8b8528651e048242f3527132/kimmens},
  description = {AOEvolutionchapter short paper},
  interhash = {955b704413985c65e6a0ba497d70b00e},
  intrahash = {7151885e8b8528651e048242f3527132},
  isbn = {0-201-48567-2},
  keywords = {evolution refactoring software},
  publisher = {Addison-Wesley},
  timestamp = {2007-09-26T23:42:13.000+0200},
  title = {Refactoring: Improving the Design of Existing Code},
  year = 1999
},
@inproceedings{typeAndTransformPatterns,
  title={Type-Changing Program Transformations with Pattern Matching},
  author={van Eekelen, Joeri and Leather, Sean and Jeuring, Johan},
  booktitle={Proceedings of the Workshop on Haskell And Rewriting Techniques (HART)},
  volume={2013},
  year={2013}
},
@techreport{typeAndTransform,
  title={Type-and-Transform Systems},
  author={Leather, Sean and Jeuring, Johan and Loh, Andres and Schuur, Bram},
  year={2012},
  institution={Technical Report UU-CS-2012-004, Department of Information and Computing Sciences, Utrecht University}
},
@book{elementsOfFunc,
  title={Elements of functional programming},
  author={Reade, Chris},
  year={1989},
  publisher={Addison-Wesley}
},
@article{hudakFuncProg,
  title={Conception, evolution, and application of functional programming languages},
  author={Hudak, Paul},
  journal={ACM Computing Surveys (CSUR)},
  volume={21},
  number={3},
  pages={359--411},
  year={1989},
  publisher={ACM}
},
@inproceedings{programatica,
  title={Haskell tools from the programatica project},
  author={Hallgren, Thomas},
  booktitle={Proceedings of the 2003 ACM SIGPLAN workshop on Haskell},
  pages={103--106},
  year={2003},
  organization={ACM}
},
@article{refacTools,
  title={Refactoring tools for functional languages},
  author={Thompson, Simon and Li, Huiqing},
  journal={Journal of Functional Programming},
  volume={23},
  number={03},
  pages={293--350},
  year={2013},
  publisher={Cambridge Univ Press}
},
@inproceedings{syb,
  title={Scrap your boilerplate: a practical design pattern for generic programming},
  author={L{\"a}mmel, Ralf and {Peyton Jones}, Simon},
  booktitle={ACM SIGPLAN Notices},
  volume={38},
  number={3},
  pages={26--37},
  year={2003},
  organization={ACM}
},
@article{monadification,
  title={Monadification of functional programs},
  author={Erwig, Martin and Ren, Deling},
  journal={Science of Computer Programming},
  volume={52},
  number={1},
  pages={101--129},
  year={2004},
  publisher={Elsevier}
},
@inproceedings{erlangTidier,
  title={Automatic refactoring of Erlang programs},
  author={Sagonas, Konstantinos and Avgerinos, Thanassis},
  booktitle={Proceedings of the 11th ACM SIGPLAN conference on Principles and practice of declarative programming},
  pages={13--24},
  year={2009},
  organization={ACM}
},
@misc{sybDocs,
title={The syb package},
howpublished={\url{http://hackage.haskell.org/package/syb-0.4.1}},
note = {Accessed: 2014-02-13},
year = {2014},
key = {SYB Package}
},
@misc{hlint,
title= {HLint},
howpublished={\url{http://community.haskell.org/~ndm/hlint/}},
note = {Accessed: 2014-05-2014},
year = {2014},
author = {Neil Mitchell}
},
@inproceedings{hermit,
  author = {Andrew Farmer and Andy Gill and Ed Komp and Neil Sculthorpe},
  title = {The {HERMIT} in the Machine: A Plugin for the Interactive Transformation of {GHC} Core Language Programs},
  booktitle = {Proceedings of the ACM SIGPLAN Haskell Symposium},
  series = {Haskell '12},
  year = {2012},
  isbn = {978-1-4503-1574-6},
  location = {Copenhagen, Denmark},
  pages = {1--12},
  url = {http://doi.acm.org/10.1145/2364506.2364508},
  xurl = {http://www.ittc.ku.edu/csdl/fpg/files/Farmer-12-HERMITinMachine.pdf},
  doi = {10.1145/2364506.2364508},
  acmid = {2364508},
  publisher = {ACM},
  keywords = {{DSL}s, equational reasoning, {GHC}, optimization, strategic programming},
}

@misc{refactErlWiki,
title={Refactoring Steps},
howpublished = {\url{http://pnyf.inf.elte.hu/trac/refactorerl/wiki/RefactoringSteps}},
note = {Accessed: 2014-05-20},
year = {2012},
key = {RefactErlRefactoringSteps}
},
@MISC{ghcDesign,
    author = {Simon Marlow and {Peyton Jones}, Simon},
    title = {The Glasgow Haskell Compiler The Architecture of Open Source Applications, Volume 2},
    year = {2012}
},
@misc{ghcMonad,
title={GhcMonad},
howpublished={\url{http://www.haskell.org/ghc/docs/7.2.1/html/libraries/ghc-7.2.1/GhcMonad.html}},
note = {Accessed: 2014-02-13},
year = {2014},
key = {GHC Monad}
},
@MISC{bagDefinition,
title={The `bag' type},
howpublished={\url{http://www.haskell.org/ghc/docs/2.10/users_guide/user_112.html}},
note = {Accessed: 2014-05-18},
year = {1997},
key = {BagType}
},
@misc{ghcSybUtils,
title={GHC.SYB.Utils},
howpublished={\url{http://hackage.haskell.org/package/ghc-syb-utils-0.2.1.2/docs/GHC-SYB-Utils.html}},
note = {Accessed : 2014-02-25},
year = {2014},
key = {GHC SYB Utils}
},
@misc{haskellWikiGenerics,
title={Generics},
howpublished={\url{http://www.haskell.org/haskellwiki/Generics}},
note = {Accessed : 2014-05-15},
year = {2012},
key = {Generics}
},
@misc{wikiIntro,
title = {Introduction},
howpublished={\url{http://www.haskell.org/haskellwiki/Introduction}},
note = {Accessed : 2014-05-19},
year = {2013},
key = {introduction}
},
@misc{ghcApi,
title={ghc-7.6.3: The GHC API},
howPublished={\url{http://www.haskell.org/platform/doc/2013.2.0.0/ghc-api/}},
note={Accessed : 2014-03-01},
year={2014},
key = {GHC API}
},
@misc{hssynWiki,
title= {The HsSyn types},
howpublished={\url{https://ghc.haskell.org/trac/ghc/wiki/Commentary/Compiler/HsSynType}},
note={Accessed : 2014-05-23},
year={2014},
key={HsSynTypes}
},
@inproceedings{uniplate,
 author = {Mitchell, Neil and Runciman, Colin},
 title = {Uniform Boilerplate and List Processing},
 booktitle = {Proceedings of the ACM SIGPLAN Workshop on Haskell Workshop},
 series = {Haskell '07},
 year = {2007},
 isbn = {978-1-59593-674-5},
 location = {Freiburg, Germany},
 pages = {49--60},
 numpages = {12},
 url = {http://doi.acm.org/10.1145/1291201.1291208},
 doi = {10.1145/1291201.1291208},
 acmid = {1291208},
 publisher = {ACM},
 address = {New York, NY, USA},
},
@article{comparingGenerics,
  title={Comparing libraries for generic programming in Haskell},
  author={Rodriguez, Alexey and Jeuring, Johan and Jansson, Patrik and Gerdes, Alex and Kiselyov, Oleg and Oliveira, Bruno C d S},
  journal={ACM Sigplan Notices},
  volume={44},
  number={2},
  pages={111--122},
  year={2009},
  publisher={ACM}
},
@misc{refacWebsite,
title={Refactoring Functional Programs},
howPublished={\url{http://www.cs.kent.ac.uk/projects/refactor-fp/}},
note={Accessed : 2014-05-13},
year={2010},
key = {Refactoring Functional Programs}
},
@MISC{brownTypes,
    author = {Christopher Brown},
    title = {Towards Type Based Refactorings},
    year = {2006}
},
@MISC{ghcUtils,
title = {The ghc-syb-utils package},
howPublished={\url{http://hackage.haskell.org/package/ghc-syb-utils}},
note={Accessed : 2014-05-13},
year={2013},
key={ghc-syb-utils}
},
@MISC{ghcHackage,
title = {ghc-7.6.3: The GHC API},
howPublished={\url{http://www.haskell.org/ghc/docs/7.6.3/html/libraries/ghc/}},
note = {Accessed : 2014-05-16},
year = {2014},
key = {GHCAPI}
},
@misc{applicativeProposal,
title = {Haskell 2014: `Applicative => Monad` proposal (AMP)},
howpublished = {\url{https://github.com/quchen/articles/blob/master/applicative_monad.md}},
note = {Accessed : 2014-05-21},
year = {2014},
author = {David Luposchainsky}
},
@misc{wikibooksCPS,
title={Haskell/Continuation passing style},
howpublished={\url{http://en.wikibooks.org/wiki/Haskell/Continuation_passing_style}},
note = {Accessed : 2014-05-21},
year={2014},
key={ContinuationPassingStyle}
},
@misc{cpsBlog,
title={CPS is great! CPS is terrible!},
howpublished={\url{http://www.serpentine.com/blog/2011/02/25/cps-is-great-cps-is-terrible/}},
note = {Accessed : 2014-05-22},
year = {2011},
author={Bryan O'Sullivan}
},
@book{progLangConcepts,
  title={Programming Language Concepts},
  author={Sestoft, Peter},
  volume={50},
  year={2012},
  publisher={Springer}
},
@misc{ampWiki,
title = {Functor-Applicative-Monad Proposal},
howpublished={\url{http://www.haskell.org/haskellwiki/Functor-Applicative-Monad_Proposal}},
note = {Accessed : 2014-05-22},
year = {2014},
key={AMP}
},
@misc{clausMonadResponse,
title = {Type-Directed Monadification},
howpublished={\url{http://community.haskell.org/~claus/talks/}},
note = {Accessed : 2014-05-19},
year={2005},
author = {Claus Renke}
},
@misc{monadSurvey,
title = {Monadification as a refactoring},
howpublished={\url{http://www.cs.kent.ac.uk/projects/refactor-fp/Monadification.html}},
note = {Accessed : 2014-05-19},
year={2005},
key = {Monadification Refactoring}
},
@conference{formalisationRefac,
author = {Huiqing Li and Simon Thompson},
title = {{Formalisation of Haskell Refactorings}},
month = {September},
year = {2005},
pages = {182-196},
keywords = {determinacy analysis, Craig interpolants},
note = {},
doi = {},
url = {http://www.cs.kent.ac.uk/pubs/2005/2250},
    publication_type = {conference},
    submission_id = {1857_1127662259},
    booktitle = {Trends in Functional Programming},
    editor = {Marko van Eekelen and Kevin Hammond},
    refereed = {Yes},
},
@article{hareApi,
 author = {Li, Huiqing and Thompson, Simon and Reinke, Claus},
 title = {The Haskell Refactorer, HaRe, and Its API},
 journal = {Electron. Notes Theor. Comput. Sci.},
 issue_date = {December, 2005},
 volume = {141},
 number = {4},
 month = dec,
 year = {2005},
 issn = {1571-0661},
 pages = {29--34},
 numpages = {6},
 url = {http://dx.doi.org/10.1016/j.entcs.2005.02.053},
 doi = {10.1016/j.entcs.2005.02.053},
 acmid = {1705659},
 publisher = {Elsevier Science Publishers B. V.},
 address = {Amsterdam, The Netherlands, The Netherlands},
 keywords = {HaRe, Haskell, Programatica, Strafunski, layout preservation, program transformation API, refactoring, source code, strategic programming},
},
@inproceedings{haskellClones,
 author = {Brown, Christopher and Thompson, Simon},
 title = {Clone Detection and Elimination for Haskell},
 booktitle = {Proceedings of the 2010 ACM SIGPLAN Workshop on Partial Evaluation and Program Manipulation},
 series = {PEPM '10},
 year = {2010},
 isbn = {978-1-60558-727-1},
 location = {Madrid, Spain},
 pages = {111--120},
 numpages = {10},
 url = {http://doi.acm.org/10.1145/1706356.1706378},
 doi = {10.1145/1706356.1706378},
 acmid = {1706378},
 publisher = {ACM},
 address = {New York, NY, USA},
 keywords = {duplicated code, generalisation, hare, haskell, program analysis, program transformation, refactoring},
} ,
@techreport{portingHare,
author = {Chris Ryder and Simon Thompson},
title = {{Porting HaRe to the GHC API}},
month = {October},
year = {2005},
pages = {182-196},
keywords = {determinacy analysis, Craig interpolants},
note = {},
doi = {},
url = {http://www.cs.kent.ac.uk/pubs/2005/2266},
    publication_type = {techreport},
    submission_id = {6328_1130316727},
    number = {8-05},
    address = {University of Kent, Canterbury, Kent, UK},
    institution = {University of Kent, Computing Laboratory},
},
@article{hughesList,
  title={A novel representation of lists and its application to the function �reverse�},
  author={Hughes, RJMM},
  journal={Information processing letters},
  volume={22},
  number={3},
  pages={141--144},
  year={1986},
  publisher={Elsevier}
},
@book{realWorldHaskell,
 author = {O'Sullivan, Bryan and Goerzen, John and Stewart, Don},
 title = {Real World Haskell},
 year = {2008},
 isbn = {0596514980, 9780596514983},
 edition = {1st},
 publisher = {O'Reilly Media, Inc.},
},
@inproceedings{toolSupport,
 author = {Li, Huiqing and Reinke, Claus and Thompson, Simon},
 title = {Tool Support for Refactoring Functional Programs},
 booktitle = {Proceedings of the 2003 ACM SIGPLAN Workshop on Haskell},
 series = {Haskell '03},
 year = {2003},
 isbn = {1-58113-758-3},
 location = {Uppsala, Sweden},
 pages = {27--38},
 numpages = {12},
 url = {http://doi.acm.org/10.1145/871895.871899},
 doi = {10.1145/871895.871899},
 acmid = {871899},
 publisher = {ACM},
 address = {New York, NY, USA},
 keywords = {Haskell, language-aware programming environments, program transformation, refactoring, semantic editors},
},
@inproceedings{monoidsTokens,
  title={Monoids: theme and variations (functional pearl)},
  author={Yorgey, Brent A},
  booktitle={ACM SIGPLAN Notices},
  volume={47},
  number={12},
  pages={105--116},
  year={2012},
  organization={ACM}
},
@book{compilingContinuations,
 author = {Appel, Andrew W.},
 title = {Compiling with Continuations},
 year = {1992},
 isbn = {0-521-41695-7},
 publisher = {Cambridge University Press},
 address = {New York, NY, USA},
},
@incollection{lazinessByNeed,
  title={Laziness by need},
  author={Chang, Stephen},
  booktitle={Programming Languages and Systems},
  pages={81--100},
  year={2013},
  publisher={Springer}
},
@inproceedings{setAnalysis,
 author = {Flanagan, Cormac and Felleisen, Matthias},
 title = {Componential Set-based Analysis},
 booktitle = {Proceedings of the ACM SIGPLAN 1997 Conference on Programming Language Design and Implementation},
 series = {PLDI '97},
 year = {1997},
 isbn = {0-89791-907-6},
 location = {Las Vegas, Nevada, USA},
 pages = {235--248},
 numpages = {14},
 url = {http://doi.acm.org/10.1145/258915.258937},
 doi = {10.1145/258915.258937},
 acmid = {258937},
 publisher = {ACM},
 address = {New York, NY, USA},
},
@incollection{stratego,
  title={Program transformation with Stratego/XT},
  author={Visser, Eelco},
  booktitle={Domain-Specific Program Generation},
  pages={216--238},
  year={2004},
  publisher={Springer}
},
@article{visserSurvey,
  title={A survey of strategies in rule-based program transformation systems},
  author={Visser, Eelco},
  journal={Journal of Symbolic Computation},
  volume={40},
  number={1},
  pages={831--873},
  year={2005},
  publisher={Academic Press, Inc.}
},
@article{transformationIntro,
 author = {Pettorossi, Alberto and Proietti, Maurizio},
 title = {Rules and Strategies for Transforming Functional and Logic Programs},
 journal = {ACM Comput. Surv.},
 issue_date = {June 1996},
 volume = {28},
 number = {2},
 month = jun,
 year = {1996},
 issn = {0360-0300},
 pages = {360--414},
 numpages = {55},
 url = {http://doi.acm.org/10.1145/234528.234529},
 doi = {10.1145/234528.234529},
 acmid = {234529},
 publisher = {ACM},
 address = {New York, NY, USA},
 keywords = {program derivation, program improvement, transformation rules, transformation strategies},
},
@inproceedings{userRefacs,
author = {Huiqing Li and Simon Thompson},
title = {Let's {M}ake {R}efactoring {T}ools {U}ser-extensible!},
month = {June},
year = {2012},
pages = {32-39},
keywords = {Refactoring, API, DSL, Wrangler},
note = {},
doi = {10.1145/2328876.2328881},
url = {http://www.cs.kent.ac.uk/pubs/2012/3218},
    publication_type = {inproceedings},
    submission_id = {26927_1339054469},
    ISBN = {978-1-4503-1500-5},
    booktitle = {The Fifth ACM Workshop on Refactoring Tools},
    editor = {Peter Sommerlad},
    refereed = {yes},
    externalurl = {Available from ACM Digital Library},
},
@phdthesis{brownThesis,
  title={Tool support for refactoring haskell programs},
  author={Brown, Christopher Mark},
  year={2008},
  school = {University of Kent}
},
@Misc{hareCurrent,
author =   {Various Contributors},
title =    {HaRe : The Haskell Refactorer},
howpublished = {\url{https://github.com/alanz/HaRe}},
year = {2015}
},
@inproceedings{wrangler,
  title={Refactoring erlang programs},
  author={Li, Huiqing and Thompson, Simon and L{\"o}vei, L{\'a}szl{\'o} and Horv{\'a}th, Zolt{\'a}n and Kozsik, Tam{\'a}s and V{\i}g, Anik{\'o} and Nagy, Tam{\'a}s},
  booktitle={The Proceedings of 12th International Erlang/OTP User Conference, Stockholm, Sweden},
  year={2006}
},
@misc{erlang,
  title = {{Erlang}},
  howpublished = "\url{http://www.erlang.org/}",
  year = {2015}, 
  note = "[Online; accessed 13-April-2015]"
},
@inproceedings{letsUser,
  title={Let's make refactoring tools user-extensible!},
  author={Li, Huiqing and Thompson, Simon},
  booktitle={Proceedings of the Fifth Workshop on Refactoring Tools},
  pages={32--39},
  year={2012},
  organization={ACM}
},
@inproceedings{quasi,
  title={Why it's nice to be quoted: quasiquoting for haskell},
  author={Mainland, Geoffrey},
  booktitle={Proceedings of the ACM SIGPLAN workshop on Haskell workshop},
  pages={73--82},
  year={2007},
  organization={ACM}
},
@inproceedings{templateHaskell,
  title={Template meta-programming for Haskell},
  author={Sheard, Tim and Jones, Simon Peyton},
  booktitle={Proceedings of the 2002 ACM SIGPLAN workshop on Haskell},
  pages={1--16},
  year={2002},
  organization={ACM}
},
@article{arrowsAndIdioms,
  title={Idioms are oblivious, arrows are meticulous, monads are promiscuous},
  author={Lindley, Sam and Wadler, Philip and Yallop, Jeremy},
  journal={Electronic Notes in Theoretical Computer Science},
  volume={229},
  number={5},
  pages={97--117},
  year={2011},
  publisher={Elsevier}
},
@article{mcbrideIdioms,
 author = {McBride, Conor and Paterson, Ross},
 title = {Applicative Programming with Effects},
 journal = {J. Funct. Program.},
 issue_date = {January 2008},
 volume = {18},
 number = {1},
 month = jan,
 year = {2008},
 issn = {0956-7968},
 pages = {1--13},
 numpages = {13},
 url = {http://dx.doi.org/10.1017/S0956796807006326},
 doi = {10.1017/S0956796807006326},
 acmid = {1348941},
 publisher = {Cambridge University Press},
 address = {New York, NY, USA},
},
@Misc{githubAMP,
author =   {David Luposchainsky},
title =    {Haskell 2014: Applicative => Monad proposal (AMP)},
howpublished = {\url{https://github.com/quchen/articles/blob/master/applicative_monad.md}},
year = {2015},
note = "[Online; accessed 20-June-2016]"
},
@Misc{ghc7.10Release,
author =   {GHC},
title =    {1.5. Release notes for version 7.10.1},
howpublished = {\url{https://downloads.haskell.org/~ghc/7.10.1/docs/html/users_guide/release-7-10-1.html}},
year = {2015},
note = "[Online; accessed 20-June-2016]"
},
@Misc{control.applicative,
author =   {Conor McBride and Ross Paterson},
title =    {Control.Applicative},
howpublished = {\url{https://hackage.haskell.org/package/base-4.9.0.0/docs/Control-Applicative.html}},
year = {2016},
subtype = {program},
note = "[Online; accessed 20-June-2016]"
},
@Misc{parsec,
  author = {Daan Leijen and Paolo Martini},
  title = {{Parsec: Monadic parser combinators}},
  howpublished = {\url{https://hackage.haskell.org/package/parsec}},
  year = {2006},
  keywords = {Haskell, Parsing},
  subtype = {program},
  note = "[Online; accessed 20-June-2016]"
},
@Misc{identityMonad,
author =   {Andy Gill and Jeff Newbern and Andriy Palamarchuk},
title =    {Control.Monad.Identity},
howpublished = {\url{https://hackage.haskell.org/package/mtl-2.2.1/docs/Control-Monad-Identity.html}},
year = {2016},
subtype = {program},
note = "[Online; accessed 20-June-2016]"
}